
@inproceedings{baltazar_i-score_2014,
    title = {i-score, an Interactive Sequencer for the Intermedia Arts},
    author = {Baltazar, Pascal and de la Hogue, Théo and Desainte-Catherine, Myriam},
    booktitle = {Proceedings of the ICMC - SMC 2014 Joint Conference},
    urldate = {2015-11-02},
    date = {2014},
    year = {2014}
}

@misc{letzlibaudiostream,
  title={The LibAudioStream library, 2012},
  author={Letz, S and others}
}

@inproceedings{celerier_ossia:_2015,
    title = {OSSIA : Towards a unified interface for scoring time and interaction},
    shorttitle = {{OSSIA}},
    author = {Celerier, Jean-Michaël and Baltazar, Pascal and Bossut, Clément and Vuaille, Nicolas and Couturier, Jean-Michel and Desainte-Catherine, Myriam},
    urldate = {2015-11-02},
    booktitle = {TENOR: First International Conference on Technologies for Music Notation and Representation, Paris, France},
    date = {2015},
    year = {2015}
}
@inproceedings{arias2016automatic,
    title={Automatic Construction of Interactive Machine Improvisation Scenarios from Audio Recordings},
    author={Arias, Jaime and Desainte-Catherine, Myriam and Dubnov, Shlomo},
    booktitle={The Fourth International Workshop on Musical Metacreation (MUME 2016)},
    year={2016}
}
@inproceedings{de2016presentation,
    title={Pr{\'e}sentation d'un formalisme graphique pour l'{\'e}criture de sc{\'e}narios interactifs},
    author={De La Hogue, Th{\'e}o and Celerier, Jean-Micha{\"e}l and Baltazar, Pascal},
    booktitle={Journ{\'e}es d'Informatique Musicale},
    year={2016}
}
